
%%%%%%%%%%%%%%%%%%%%%%%%%%%%%%%%%%%%%%%%%%%%%%%%%%%%%
% References for the analyses included in this version of the database: GrenobleNov2014 (27/11/2014)
%%%%%%%%%%%%%%%%%%%%%%%%%%%%%%%%%%%%%%%%%%%%%%%%%%%%%


%--------------------   ATLAS   --------------------

@article{Aad:2013wta,
      author         = "Aad, Georges and others",
      title          = "{Search for new phenomena in final states with large jet
                        multiplicities and missing transverse momentum at
                        $\sqrt{s}$=8 TeV proton-proton collisions using the ATLAS
                        experiment}",
      collaboration  = "ATLAS Collaboration",
      journal        = "JHEP",
      volume         = "1310",
      pages          = "130",
      doi            = "10.1007/JHEP10(2013)130, 10.1007/JHEP01(2014)109",
      year           = "2013",
      eprint         = "1308.1841",
      archivePrefix  = "arXiv",
      primaryClass   = "hep-ex",
      reportNumber   = "CERN-PH-EP-2013-110",
      SLACcitation   = "%%CITATION = ARXIV:1308.1841;%%",
}

@article{Aad:2013ija,
      author         = "Aad, Georges and others",
      title          = "{Search for direct third-generation squark pair
                        production in final states with missing transverse
                        momentum and two $b$-jets in $\sqrt{s} =$ 8 TeV $pp$
                        collisions with the ATLAS detector}",
      collaboration  = "ATLAS",
      journal        = "JHEP",
      volume         = "1310",
      pages          = "189",
      doi            = "10.1007/JHEP10(2013)189",
      year           = "2013",
      eprint         = "1308.2631",
      archivePrefix  = "arXiv",
      primaryClass   = "hep-ex",
      reportNumber   = "CERN-PH-EP-2013-119",
      SLACcitation   = "%%CITATION = ARXIV:1308.2631;%%",
}

@article{Aad:2014nua,
      author         = "Aad, Georges and others",
      title          = "{Search for direct production of charginos and
                        neutralinos in events with three leptons and missing
                        transverse momentum in $\sqrt{s} =$ 8TeV $pp$ collisions
                        with the ATLAS detector}",
      collaboration  = "ATLAS Collaboration",
      journal        = "JHEP",
      volume         = "1404",
      pages          = "169",
      doi            = "10.1007/JHEP04(2014)169",
      year           = "2014",
      eprint         = "1402.7029",
      archivePrefix  = "arXiv",
      primaryClass   = "hep-ex",
      reportNumber   = "CERN-PH-EP-2014-019",
      SLACcitation   = "%%CITATION = ARXIV:1402.7029;%%",
}

@article{Aad:2014qaa,
      author         = "Aad, Georges and others",
      title          = "{Search for direct top-squark pair production in final
                        states with two leptons in pp collisions at $\sqrt{s} =$
                        8TeV with the ATLAS detector}",
      collaboration  = "ATLAS Collaboration",
      journal        = "JHEP",
      volume         = "1406",
      pages          = "124",
      doi            = "10.1007/JHEP06(2014)124",
      year           = "2014",
      eprint         = "1403.4853",
      archivePrefix  = "arXiv",
      primaryClass   = "hep-ex",
      reportNumber   = "CERN-PH-EP-2014-014",
      SLACcitation   = "%%CITATION = ARXIV:1403.4853;%%",
}

@article{Aad:2014vma,
      author         = "Aad, Georges and others",
      title          = "{Search for direct production of charginos, neutralinos
                        and sleptons in final states with two leptons and missing
                        transverse momentum in $pp$ collisions at $\sqrt{s} =$ 8
                        TeV with the ATLAS detector}",
      collaboration  = "ATLAS Collaboration",
      journal        = "JHEP",
      volume         = "1405",
      pages          = "071",
      doi            = "10.1007/JHEP05(2014)071",
      year           = "2014",
      eprint         = "1403.5294",
      archivePrefix  = "arXiv",
      primaryClass   = "hep-ex",
      reportNumber   = "CERN-PH-EP-2014-037",
      SLACcitation   = "%%CITATION = ARXIV:1403.5294;%%",
}

@article{Aad:2014wea,
      author         = "Aad, Georges and others",
      title          = "{Search for squarks and gluinos with the ATLAS detector
                        in final states with jets and missing transverse momentum
                        using $\sqrt{s}=8$ TeV proton--proton collision data}",
      collaboration  = "ATLAS Collaboration",
      journal        = "JHEP",
      volume         = "1409",
      pages          = "176",
      doi            = "10.1007/JHEP09(2014)176",
      year           = "2014",
      eprint         = "1405.7875",
      archivePrefix  = "arXiv",
      primaryClass   = "hep-ex",
      reportNumber   = "CERN-PH-EP-2014-093",
      SLACcitation   = "%%CITATION = ARXIV:1405.7875;%%",
}

@article{Aad:2014yka,
      author         = "Aad, Georges and others",
      title          = "{Search for the direct production of charginos,
                        neutralinos and staus in final states with at least two
                        hadronically decaying taus and missing transverse momentum
                        in $pp$ collisions at $\sqrt{s}$ = 8 TeV with the ATLAS
                        detector}",
      collaboration  = "ATLAS Collaboration",
      journal        = "JHEP",
      volume         = "1410",
      pages          = "96",
      doi            = "10.1007/JHEP10(2014)096",
      year           = "2014",
      eprint         = "1407.0350",
      archivePrefix  = "arXiv",
      primaryClass   = "hep-ex",
      reportNumber   = "CERN-PH-EP-2014-121",
      SLACcitation   = "%%CITATION = ARXIV:1407.0350;%%",
}

@article{Aad:2014kra,
      author         = "Aad, Georges and others",
      title          = "{Search for top squark pair production in final states
                        with one isolated lepton, jets, and missing transverse
                        momentum in $\sqrt{s}=$ 8 TeV pp collisions with the ATLAS
                        detector}",
      collaboration  = "ATLAS Collaboration",
      year           = "2014",
      eprint         = "1407.0583",
      archivePrefix  = "arXiv",
      primaryClass   = "hep-ex",
      reportNumber   = "CERN-PH-EP-2014-143",
      SLACcitation   = "%%CITATION = ARXIV:1407.0583;%%",
}

@techreport{ATLAS-CONF-2012-105,
      title         = "{Search for Supersymmetry in final states with two
                       same-sign leptons, jets and missing transverse momentum
                       with the ATLAS detector in pp collisions at sqrt{s}=8 TeV}",
      institution   = "CERN",
      collaboration = "ATLAS Collaboration",
      address       = "Geneva",
      number        = "ATLAS-CONF-2012-105",
      month         = "Aug",
      year          = "2012",
}


@techreport{ATLAS-CONF-2013-007,
      title         = "{Search for strongly produced superpartners in final
                       states with two same sign leptons with the ATLAS detector
                       using 21 fb-1 of proton-proton collisions at sqrt(s)=8
                       TeV.}",
      institution   = "CERN",
      collaboration = "ATLAS Collaboration",
      address       = "Geneva",
      number        = "ATLAS-CONF-2013-007",
      month         = "Mar",
      year          = "2013",
}

@techreport{ATLAS-CONF-2013-024,
      title         = "{Search for direct production of the top squark in the
                       all-hadronic ttbar + etmiss final state in 21 fb-1 of
                       p-pcollisions at sqrt(s)=8 TeV with the ATLAS detector}",
      institution   = "CERN",
      collaboration = "ATLAS Collaboration",
      address       = "Geneva",
      number        = "ATLAS-CONF-2013-024",
      month         = "Mar",
      year          = "2013",
}

@techreport{ATLAS-CONF-2013-061,
      title         = "{Search for strong production of supersymmetric particles
                       in final states with missing transverse momentum and at
                       least three b-jets using 20.1 fb?1 of pp collisions at
                       sqrt(s) = 8 TeV with the ATLAS Detector.}",
      institution   = "CERN",
      address       = "Geneva",
      number        = "ATLAS-CONF-2013-061",
      month         = "Jun",
      year          = "2013",
}

@techreport{ATLAS-CONF-2013-065,
      title         = "{Searches for direct scalar top pair production in final
                       states with two leptons using the stransverse mass variable
                       and a multivariate analysis technique in $\sqrt{s} = 8$ TeV
                       pp collisions using 20.3 fb$^{-1}$ of ATLAS data}",
      institution   = "CERN",
      address       = "Geneva",
      number        = "ATLAS-CONF-2013-065",
      month         = "Jul",
      year          = "2013",
}


%--------------------   CMS   --------------------


@article{Chatrchyan:2013wxa,
      author         = "Chatrchyan, Serguei and others",
      title          = "{Search for gluino mediated bottom- and top-squark
                        production in multijet final states in pp collisions at 8
                        TeV}",
      collaboration  = "CMS Collaboration",
      journal        = "Phys.Lett.",
      volume         = "B725",
      pages          = "243-270",
      doi            = "10.1016/j.physletb.2013.06.058",
      year           = "2013",
      eprint         = "1305.2390",
      archivePrefix  = "arXiv",
      primaryClass   = "hep-ex",
      reportNumber   = "CMS-SUS-12-024, CERN-PH-EP-2013-076",
      SLACcitation   = "%%CITATION = ARXIV:1305.2390;%%",
}

@article{Chatrchyan:2013lya,
      author         = "Chatrchyan, Serguei and others",
      title          = "{Search for supersymmetry in hadronic final states with
                        missing transverse energy using the variables $\alpha_T$
                        and b-quark multiplicity in pp collisions at $\sqrt s=8$
                        TeV}",
      collaboration  = "CMS Collaboration",
      journal        = "Eur.Phys.J.",
      number         = "9",
      volume         = "C73",
      pages          = "2568",
      doi            = "10.1140/epjc/s10052-013-2568-6",
      year           = "2013",
      eprint         = "1303.2985",
      archivePrefix  = "arXiv",
      primaryClass   = "hep-ex",
      reportNumber   = "CMS-SUS-12-028, CERN-PH-EP-2013-037",
      SLACcitation   = "%%CITATION = ARXIV:1303.2985;%%",
}

@article{Chatrchyan:2014aea,
      author         = "Chatrchyan, Serguei and others",
      title          = "{Search for anomalous production of events with three or
                        more leptons in pp collisions at sqrt(s) = 8 TeV}",
      collaboration  = "CMS Collaboration",
      journal        = "Phys.Rev.",
      volume         = "D90",
      pages          = "032006",
      doi            = "10.1103/PhysRevD.90.032006",
      year           = "2014",
      eprint         = "1404.5801",
      archivePrefix  = "arXiv",
      primaryClass   = "hep-ex",
      reportNumber   = "CMS-SUS-13-002, CERN-PH-EP-2014-039",
      SLACcitation   = "%%CITATION = ARXIV:1404.5801;%%",
}

@article{Khachatryan:2014qwa,
      author         = "Khachatryan, Vardan and others",
      title          = "{Searches for electroweak production of charginos,
                        neutralinos, and sleptons decaying to leptons and W, Z,
                        and Higgs bosons in pp collisions at 8 TeV}",
      collaboration  = "CMS",
      journal        = "Eur.Phys.J.",
      number         = "9",
      volume         = "C74",
      pages          = "3036",
      doi            = "10.1140/epjc/s10052-014-3036-7",
      year           = "2014",
      eprint         = "1405.7570",
      archivePrefix  = "arXiv",
      primaryClass   = "hep-ex",
      reportNumber   = "CMS-SUS-13-006, CERN-PH-EP-2014-098",
      SLACcitation   = "%%CITATION = ARXIV:1405.7570;%%",
}

@article{Chatrchyan:2013iqa,
      author         = "Chatrchyan, Serguei and others",
      title          = "{Search for supersymmetry in pp collisions at
                        $\sqrt{s}$=8 TeV in events with a single lepton, large jet
                        multiplicity, and multiple b jets}",
      collaboration  = "CMS Collaboration",
      journal        = "Phys.Lett.",
      volume         = "B733",
      pages          = "328-353",
      doi            = "10.1016/j.physletb.2014.04.023",
      year           = "2014",
      eprint         = "1311.4937",
      archivePrefix  = "arXiv",
      primaryClass   = "hep-ex",
      reportNumber   = "CMS-SUS-13-007, CERN-PH-EP-2013-209",
      SLACcitation   = "%%CITATION = ARXIV:1311.4937;%%",
}

@article{Chatrchyan:2013xna,
      author         = "Chatrchyan, Serguei and others",
      title          = "{Search for top-squark pair production in the
                        single-lepton final state in pp collisions at $\sqrt{s}$ =
                        8 TeV}",
      collaboration  = "CMS Collaboration",
      journal        = "Eur.Phys.J.",
      number         = "12",
      volume         = "C73",
      pages          = "2677",
      doi            = "10.1140/epjc/s10052-013-2677-2",
      year           = "2013",
      eprint         = "1308.1586",
      archivePrefix  = "arXiv",
      primaryClass   = "hep-ex",
      reportNumber   = "CMS-SUS-13-011, CERN-PH-EP-2013-148",
      SLACcitation   = "%%CITATION = ARXIV:1308.1586;%%",
}

@article{Chatrchyan:2014lfa,
      author         = "Chatrchyan, Serguei and others",
      title          = "{Search for new physics in the multijet and missing
                        transverse momentum final state in proton-proton
                        collisions at $\sqrt{s}$= 8 TeV}",
      collaboration  = "CMS Collaboration",
      journal        = "JHEP",
      volume         = "1406",
      pages          = "055",
      doi            = "10.1007/JHEP06(2014)055",
      year           = "2014",
      eprint         = "1402.4770",
      archivePrefix  = "arXiv",
      primaryClass   = "hep-ex",
      reportNumber   = "CMS-SUS-13-012, CERN-PH-EP-2014-015",
      SLACcitation   = "%%CITATION = ARXIV:1402.4770;%%",
}

@article{Chatrchyan:2013fea,
      author         = "Chatrchyan, Serguei and others",
      title          = "{Search for new physics in events with same-sign
                        dileptons and jets in pp collisions at $\sqrt{s}$ = 8
                        TeV}",
      collaboration  = "CMS Collaboration",
      journal        = "JHEP",
      volume         = "1401",
      pages          = "163",
      doi            = "10.1007/JHEP01(2014)163",
      year           = "2014",
      eprint         = "1311.6736",
      archivePrefix  = "arXiv",
      reportNumber   = "CERN-PH-EP-2013-213",
      SLACcitation   = "%%CITATION = ARXIV:1311.6736;%%",
}

@techreport{CMS-PAS-SUS-13-008,
      title         = "{Search for supersymmetry in pp collisions at sqrt(s) = 8
                       TeV in events with three leptons and at least one b-tagged
                       jet}",
      institution   = "CERN",
      collaboration = "CMS Collaboration",
      address       = "Geneva",
      number        = "CMS-PAS-SUS-13-008",
      year          = "2013",
}

@techreport{CMS-PAS-SUS-13-016,
      title         = "{Search for supersymmetry in pp collisions at sqrt(s) = 8
                       TeV in events with two opposite sign leptons, large number
                       of jets, b-tagged jets, and large missing transverse
                       energy.}",
      institution   = "CERN",
      collaboration = "CMS Collaboration",
      address       = "Geneva",
      number        = "CMS-PAS-SUS-13-016",
      year          = "2013",
}

@techreport{CMS-PAS-SUS-13-018,
      title         = "{Search for direct production of bottom squark pairs}",
      institution   = "CERN",
      collaboration = "CMS Collaboration",
      address       = "Geneva",
      number        = "CMS-PAS-SUS-13-018",
      year          = "2014",
}

@techreport{CMS-PAS-SUS-13-019,
      title         = "{Search for supersymmetry in hadronic final states using
                       MT2 with the CMS detector at sqrt(s) = 8 TeV}",
      institution   = "CERN",
      collaboration = "CMS Collaboration",
      address       = "Geneva",
      number        = "CMS-PAS-SUS-13-019",
      year          = "2014",
}

@techreport{CMS-PAS-SUS-14-011,
      title         = "{Exclusion limits on gluino and top-squark pair production
                       in natural SUSY scenarios with inclusive razor and
                       exclusive single-lepton searches at 8 TeV.}",
      institution   = "CERN",
      collaboration = "CMS Collaboration",
      address       = "Geneva",
      number        = "CMS-PAS-SUS-14-011",
      year          = "2014",
}


%%%%%%%%%%%%%%%%%%%%%%%%%%%%%%%%%%%%%%%%%%%%%%%%%%%%%
% Superseded analyses included in the database, to be used only in exceptional cases
% (useSupersede=True)
%%%%%%%%%%%%%%%%%%%%%%%%%%%%%%%%%%%%%%%%%%%%%%%%%%%%%

@techreport{ATLAS-CONF-2012-166,
      title         = "{Search for direct top squark pair production in final
                       states with one isolated lepton, jets, and missing
                       transverse momentum in sqrt(s) = 8 TeV pp collisions using
                       13.0 ifb of ATLAS data}",
      institution   = "CERN",
      collaboration = "ATLAS Collaboration",
      address       = "Geneva",
      number        = "ATLAS-CONF-2012-166",
      month         = "Dec",
      year          = "2012",
}


@techreport{ATLAS-CONF-2013-035,
      title         = "{Search for direct production of charginos and neutralinos
                       in events with three leptons and missing transverse
                       momentum in 21$\,$fb$^{-1}$ of pp collisions at
                       $\sqrt{s}=8\,$TeV with the ATLAS detector}",
      institution   = "CERN",
      collaboration = "ATLAS Collaboration",
      address       = "Geneva",
      number        = "ATLAS-CONF-2013-035",
      month         = "Mar",
      year          = "2013",
}

@techreport{ATLAS-CONF-2013-037,
      title         = "{Search for direct top squark pair production in final
                       states with one isolated lepton, jets, and missing
                       transverse momentum in $sqrt{s}=8,$TeV $pp$ collisions
                       using 21 fb$^{-1}$ of ATLAS data}",
      institution   = "CERN",
      collaboration = "ATLAS Collaboration",
      address       = "Geneva",
      number        = "ATLAS-CONF-2013-037",
      month         = "Mar",
      year          = "2013",
}

@techreport{ATLAS-CONF-2013-047,
      title         = "{Search for squarks and gluinos with the ATLAS detector in
                       final states with jets and missing transverse momentum and
                       20.3 fb$^{-1}$ of $\sqrt{s}=8$ TeV proton-proton collision
                       data}",
      institution   = "CERN",
      address       = "Geneva",
      number        = "ATLAS-CONF-2013-047",
      month         = "May",
      year          = "2013",
}

@techreport{ATLAS-CONF-2013-048,
      title         = "{Search for direct top squark pair production in final
                       states with two leptons in $\sqrt{s}$ = 8 TeV pp collisions
                       using $20$fb$^{-1}$ of ATLAS data.}",
      institution   = "CERN",
      address       = "Geneva",
      number        = "ATLAS-CONF-2013-048",
      month         = "May",
      year          = "2013",
      note          = "Not published in the proceedings",
}

@techreport{ATLAS-CONF-2013-049,
      title         = "{Search for direct-slepton and direct-chargino production
                       in final states with two opposite-sign leptons, missing
                       transverse momentum and no jets in 20/fb of pp collisions
                       at sqrt(s) = 8 TeV with the ATLAS detector}",
      institution   = "CERN",
      address       = "Geneva",
      number        = "ATLAS-CONF-2013-049",
      month         = "May",
      year          = "2013",
}

@techreport{ATLAS-CONF-2013-053,
      title         = "{Search for direct third generation squark pair production
                       in final states with missing transverse momentum and two
                       $b$-jets in $\sqrt{s}$ = 8 TeV $pp$ collisions with the
                       ATLAS detector.}",
      institution   = "CERN",
      address       = "Geneva",
      number        = "ATLAS-CONF-2013-053",
      month         = "May",
      year          = "2013",
}


@techreport{CMS-PAS-SUS-12-022,
      title         = "{Search for direct EWK production of SUSY particles in
                       multilepton modes with 8TeV data}",
      institution   = "CERN",
      collaboration = "CMS Collaboration",
      address       = "Geneva",
      number        = "CMS-PAS-SUS-12-022",
      year          = "2013",
}

@techreport{CMS-PAS-SUS-12-026,
      title         = "{A Search for Anomalous Production of Events with three or
                       more leptons using 9.2/fb}",
      institution   = "CERN",
      collaboration = "CMS Collaboration",
      address       = "Geneva",
      number        = "CMS-PAS-SUS-12-026",
      year          = "2012",
}

@techreport{CMS-PAS-SUS-13-004,
      title         = "{Search for supersymmetry using razor variables in events

                        with b-jets in pp collisions at 8 TeV}",
      institution   = "CERN",
      collaboration = "CMS Collaboration",
      address       = "Geneva",
      number        = "CMS-PAS-SUS-13-004",
      year          = "2013",
}

@article{Chatrchyan:1631468,
      title         = "{Search for new physics in events with same-sign dileptons
                       and jets in pp collisions at $\sqrt{s}$=8 TeV}",
      journal       = "J. High Energy Phys.",
      collaboration = "CMS Collaboration",
      number        = "arXiv:1311.6736. CMS-SUS-13-013. CERN-PH-EP-2013-213",
      volume        = "01",
      pages         = "163. 43 p",
      month         = "Nov",
      year          = "2013",
      note          = "Comments: Replaced with published version. Added journal
                       reference and DOI",
}
