%%%%%%%%%%%%%%%%%%%%%%%%%%%%%%%%%%%%%%%%%%%%%%%%%%%%%%%%%%%%%%%%%%%%%%%%
% References for fastlim results
%%%%%%%%%%%%%%%%%%%%%%%%%%%%%%%%%%%%%%%%%%%%%%%%%%%%%%%%%%%%%%%%%%%%%%%%

% Fastlim proper
@article{Papucci:2014rja,
      author         = "Papucci, Michele and Sakurai, Kazuki and Weiler, Andreas
                        and Zeune, Lisa",
      title          = "{Fastlim: a fast LHC limit calculator}",
      journal        = "Eur. Phys. J.",
      volume         = "C74",
      year           = "2014",
      number         = "11",
      pages          = "3163",
      doi            = "10.1140/epjc/s10052-014-3163-1",
      eprint         = "1402.0492",
      archivePrefix  = "arXiv",
      primaryClass   = "hep-ph",
      reportNumber   = "CERN-PH-TH-2014-019, DESY-14-010, KCL-PH-TH-2014-04,
                        MCTP-14-03",
      SLACcitation   = "%%CITATION = ARXIV:1402.0492;%%"
}
