@CONTROL{REVTEX41Control}
@CONTROL{apsrev41Control,author="08",editor="1",pages="0",title="",year="1"}
% LQ MEDIATOR DM

@article{Baker:2015qna,
      author         = "Baker, Michael J. and others",
      title          = "{The Coannihilation Codex}",
      journal        = "JHEP",
      volume         = "12",
      year           = "2015",
      pages          = "120",
      doi            = "10.1007/JHEP12(2015)120",
      eprint         = "1510.03434",
      archivePrefix  = "arXiv",
      primaryClass   = "hep-ph",
      reportNumber   = "MITP-15-078",
      SLACcitation   = "%%CITATION = ARXIV:1510.03434;%%"
}


@article{Queiroz:2014pra,
      author         = "Queiroz, Farinaldo S. and Sinha, Kuver and Strumia,
                        Alessandro",
      title          = "{Leptoquarks, Dark Matter, and Anomalous LHC Events}",
      journal        = "Phys. Rev.",
      volume         = "D91",
      year           = "2015",
      number         = "3",
      pages          = "035006",
      doi            = "10.1103/PhysRevD.91.035006",
      eprint         = "1409.6301",
      archivePrefix  = "arXiv",
      primaryClass   = "hep-ph",
      SLACcitation   = "%%CITATION = ARXIV:1409.6301;%%"
}

% CONVERSION DRIVEN FREEZE-OUT

@article{Garny:2017rxs,
      author         = "Garny, Mathias and Heisig, Jan and Lülf, Benedikt and
                        Vogl, Stefan",
      title          = "{Coannihilation without chemical equilibrium}",
      journal        = "Phys. Rev.",
      volume         = "D96",
      year           = "2017",
      number         = "10",
      pages          = "103521",
      doi            = "10.1103/PhysRevD.96.103521",
      eprint         = "1705.09292",
      archivePrefix  = "arXiv",
      primaryClass   = "hep-ph",
      reportNumber   = "TUM-HEP-1085-17, TTK-17-18",
      SLACcitation   = "%%CITATION = ARXIV:1705.09292;%%"
}


% SOFT LEPTON SEARCH

@article{Schwaller:2013baa,
      author         = "Schwaller, Pedro and Zurita, Jose",
      title          = "{Compressed electroweakino spectra at the LHC}",
      journal        = "JHEP",
      volume         = "03",
      year           = "2014",
      pages          = "060",
      doi            = "10.1007/JHEP03(2014)060",
      eprint         = "1312.7350",
      archivePrefix  = "arXiv",
      primaryClass   = "hep-ph",
      reportNumber   = "CERN-PH-TH-2013-319, MITP-13-084",
      SLACcitation   = "%%CITATION = ARXIV:1312.7350;%%"
}

@article{Sirunyan:2018xtm,
      author         = "Sirunyan, Albert M and others",
      title          = "{Search for dark matter in events with a leptoquark and
                        missing transverse momentum in proton-proton collisions at
                        13 TeV}",
      collaboration  = "CMS",
      journal        = "Phys. Lett.",
      volume         = "B795",
      year           = "2019",
      pages          = "76-99",
      doi            = "10.1016/j.physletb.2019.05.046",
      eprint         = "1811.10151",
      archivePrefix  = "arXiv",
      primaryClass   = "hep-ex",
      reportNumber   = "CMS-EXO-17-015, CERN-EP-2018-278",
      SLACcitation   = "%%CITATION = ARXIV:1811.10151;%%"
}


%%% RK papers from LHCb

@article{Aaij:2019wad,
      author         = "Aaij, Roel and others",
      title          = "{Search for lepton-universality violation in $B^+\to
                        K^+\ell^+\ell^-$ decays}",
      collaboration  = "LHCb",
      journal        = "Phys. Rev. Lett.",
      volume         = "122",
      year           = "2019",
      number         = "19",
      pages          = "191801",
      doi            = "10.1103/PhysRevLett.122.191801",
      eprint         = "1903.09252",
      archivePrefix  = "arXiv",
      primaryClass   = "hep-ex",
      reportNumber   = "LHCb-PAPER-2019-009, CERN-EP-2019-043,
                        LHCb-PAPER-2019-009 CERN-EP-2019-043",
      SLACcitation   = "%%CITATION = ARXIV:1903.09252;%%"
}
@article{Aaij:2017vbb,
      author         = "Aaij, R. and others",
      title          = "{Test of lepton universality with $B^{0} \rightarrow
                        K^{*0}\ell^{+}\ell^{-}$ decays}",
      collaboration  = "LHCb",
      journal        = "JHEP",
      volume         = "08",
      year           = "2017",
      pages          = "055",
      doi            = "10.1007/JHEP08(2017)055",
      eprint         = "1705.05802",
      archivePrefix  = "arXiv",
      primaryClass   = "hep-ex",
      reportNumber   = "LHCB-PAPER-2017-013, CERN-EP-2017-100",
      SLACcitation   = "%%CITATION = ARXIV:1705.05802;%%"
}


%%% RD papers from LHCb

@article{Aaij:2017deq,
      author         = "Aaij, R. and others",
      title          = "{Test of Lepton Flavor Universality by the measurement of
                        the $B^0 \to D^{*-} \tau^+ \nu_{\tau}$ branching fraction
                        using three-prong $\tau$ decays}",
      collaboration  = "LHCb",
      journal        = "Phys. Rev.",
      volume         = "D97",
      year           = "2018",
      number         = "7",
      pages          = "072013",
      doi            = "10.1103/PhysRevD.97.072013",
      eprint         = "1711.02505",
      archivePrefix  = "arXiv",
      primaryClass   = "hep-ex",
      reportNumber   = "CERN-EP-2017-256, LHCB-PAPER-2017-027",
      SLACcitation   = "%%CITATION = ARXIV:1711.02505;%%"
}
@article{Aaij:2017uff,
      author         = "Aaij, R. and others",
      title          = "{Measurement of the ratio of the $B^0 \to D^{*-} \tau^+
                        \nu_{\tau}$ and $B^0 \to D^{*-} \mu^+ \nu_{\mu}$ branching
                        fractions using three-prong $\tau$-lepton decays}",
      collaboration  = "LHCb",
      journal        = "Phys. Rev. Lett.",
      volume         = "120",
      year           = "2018",
      number         = "17",
      pages          = "171802",
      doi            = "10.1103/PhysRevLett.120.171802",
      eprint         = "1708.08856",
      archivePrefix  = "arXiv",
      primaryClass   = "hep-ex",
      reportNumber   = "LHCB-PAPER-2017-017, CERN-EP-2017-212",
      SLACcitation   = "%%CITATION = ARXIV:1708.08856;%%"
}
@article{Aaij:2015yra,
      author         = "Aaij, Roel and others",
      title          = "{Measurement of the ratio of branching fractions
                        $\mathcal{B}(\bar{B}^0 \to
                        D^{*+}\tau^{-}\bar{\nu}_{\tau})/\mathcal{B}(\bar{B}^0 \to
                        D^{*+}\mu^{-}\bar{\nu}_{\mu})$}",
      collaboration  = "LHCb",
      journal        = "Phys. Rev. Lett.",
      volume         = "115",
      year           = "2015",
      number         = "11",
      pages          = "111803",
      doi            = "10.1103/PhysRevLett.115.159901,
                        10.1103/PhysRevLett.115.111803",
      note           = "[Erratum: Phys. Rev. Lett.115,no.15,159901(2015)]",
      eprint         = "1506.08614",
      archivePrefix  = "arXiv",
      primaryClass   = "hep-ex",
      reportNumber   = "CERN-PH-EP-2015-150, LHCB-PAPER-2015-025",
      SLACcitation   = "%%CITATION = ARXIV:1506.08614;%%"
}

%%% RECENT REVIEW ON RK and RD, theory

@inproceedings{Blanke:2019pek,
      author         = "Blanke, Monika",
      title          = "{Constraints on New Physics from $B$ mesons}",
      booktitle      = "{29th International Conference on Lepton and Photon
                        Interactions (LP2019) Toronto, Ontario, Canada, August
                        5-10, 2019}",
      year           = "2019",
      eprint         = "1908.09713",
      archivePrefix  = "arXiv",
      primaryClass   = "hep-ph",
      reportNumber   = "TTP19-027; P3H-19-029; INT-PUB-19-038",
      SLACcitation   = "%%CITATION = ARXIV:1908.09713;%%"
}


%%% CDFO papers

@article{Garny:2017rxs,
      author         = "Garny, Mathias and Heisig, Jan and Lülf, Benedikt and
                        Vogl, Stefan",
      title          = "{Coannihilation without chemical equilibrium}",
      journal        = "Phys. Rev.",
      volume         = "D96",
      year           = "2017",
      number         = "10",
      pages          = "103521",
      doi            = "10.1103/PhysRevD.96.103521",
      eprint         = "1705.09292",
      archivePrefix  = "arXiv",
      primaryClass   = "hep-ph",
      reportNumber   = "TUM-HEP-1085-17, TTK-17-18",
      SLACcitation   = "%%CITATION = ARXIV:1705.09292;%%"
}
@article{DAgnolo:2017dbv,
      author         = "D'Agnolo, Raffaele Tito and Pappadopulo, Duccio and
                        Ruderman, Joshua T.",
      title          = "{Fourth Exception in the Calculation of Relic
                        Abundances}",
      journal        = "Phys. Rev. Lett.",
      volume         = "119",
      year           = "2017",
      number         = "6",
      pages          = "061102",
      doi            = "10.1103/PhysRevLett.119.061102",
      eprint         = "1705.08450",
      archivePrefix  = "arXiv",
      primaryClass   = "hep-ph",
      SLACcitation   = "%%CITATION = ARXIV:1705.08450;%%"
}


%%% B-ANOMALIES AND RH NEUTRINO

@article{Azatov:2018kzb,
      author         = "Azatov, Aleksandr and Barducci, Daniele and Ghosh,
                        Diptimoy and Marzocca, David and Ubaldi, Lorenzo",
      title          = "{Combined explanations of B-physics anomalies: the
                        sterile neutrino solution}",
      journal        = "JHEP",
      volume         = "10",
      year           = "2018",
      pages          = "092",
      doi            = "10.1007/JHEP10(2018)092",
      eprint         = "1807.10745",
      archivePrefix  = "arXiv",
      primaryClass   = "hep-ph",
      reportNumber   = "SISSA-30-2018-FISI",
      SLACcitation   = "%%CITATION = ARXIV:1807.10745;%%"
}

%% B->X nu nu

@article{Crivellin:2017zlb,
      author         = "Crivellin, Andreas and Müller, Dario and Ota, Toshihiko",
      title          = "{Simultaneous explanation of R(D$^{(∗)}$) and
                        b→sμ$^{+}$ μ$^{−}$: the last scalar leptoquarks
                        standing}",
      journal        = "JHEP",
      volume         = "09",
      year           = "2017",
      pages          = "040",
      doi            = "10.1007/JHEP09(2017)040",
      eprint         = "1703.09226",
      archivePrefix  = "arXiv",
      primaryClass   = "hep-ph",
      reportNumber   = "PSI-PR-17-04, YACHAY-PUB-17-03-PN, ZU-TH-05-17",
      SLACcitation   = "%%CITATION = ARXIV:1703.09226;%%"
}

@article{Buttazzo:2017ixm,
      author         = "Buttazzo, Dario and Greljo, Admir and Isidori, Gino and
                        Marzocca, David",
      title          = "{B-physics anomalies: a guide to combined explanations}",
      journal        = "JHEP",
      volume         = "11",
      year           = "2017",
      pages          = "044",
      doi            = "10.1007/JHEP11(2017)044",
      eprint         = "1706.07808",
      archivePrefix  = "arXiv",
      primaryClass   = "hep-ph",
      reportNumber   = "ZU-TH-18-17",
      SLACcitation   = "%%CITATION = ARXIV:1706.07808;%%"
}


@article{Marzocca:2018wcf,
      author         = "Marzocca, David",
      title          = "{Addressing the B-physics anomalies in a fundamental
                        Composite Higgs Model}",
      journal        = "JHEP",
      volume         = "07",
      year           = "2018",
      pages          = "121",
      doi            = "10.1007/JHEP07(2018)121",
      eprint         = "1803.10972",
      archivePrefix  = "arXiv",
      primaryClass   = "hep-ph",
      SLACcitation   = "%%CITATION = ARXIV:1803.10972;%%"
}

@article{Crivellin:2019dwb,
      author         = "Crivellin, Andreas and Müller, Dario and Saturnino,
                        Francesco",
      title          = "{Flavor Phenomenology of the Leptoquark Singlet-Triplet
                        Model}",
      year           = "2019",
      eprint         = "1912.04224",
      archivePrefix  = "arXiv",
      primaryClass   = "hep-ph",
      reportNumber   = "PSI-PR-19-25, ZU-TH 52/19",
      SLACcitation   = "%%CITATION = ARXIV:1912.04224;%%"
}
