% Compressed spectra searches
@article{Aad:2014nra,
      author         = "Aad, Georges and others",
      title          = "{Search for pair-produced third-generation squarks
                        decaying via charm quarks or in compressed supersymmetric
                        scenarios in $pp$ collisions at $\sqrt{s}=8~$TeV with the
                        ATLAS detector}",
      collaboration  = "ATLAS",
      journal        = "Phys. Rev.",
      volume         = "D90",
      year           = "2014",
      number         = "5",
      pages          = "052008",
      doi            = "10.1103/PhysRevD.90.052008",
      eprint         = "1407.0608",
      archivePrefix  = "arXiv",
      primaryClass   = "hep-ex",
      reportNumber   = "CERN-PH-EP-2014-141",
      SLACcitation   = "%%CITATION = ARXIV:1407.0608;%%"
}
@techreport{CMS-PAS-SUS-13-009,
      title         = "{Search for top squarks decaying to a charm quark and a
                       neutralino in events with a jet and missing transverse
                       momentum}",
      institution   = "CERN",
      collaboration = "CMS Collaboration",
      address       = "Geneva",
      number        = "CMS-PAS-SUS-13-009",
      year          = "2014",
      reportNumber  = "CMS-PAS-SUS-13-009",
      url           = "https://cds.cern.ch/record/1644584",
}
@article{Khachatryan:2014doa,
      author         = "Khachatryan, Vardan and others",
      title          = "{Search for top-squark pairs decaying into Higgs or Z
                        bosons in pp collisions at $\sqrt{s}$=8 TeV}",
      collaboration  = "CMS",
      journal        = "Phys. Lett.",
      volume         = "B736",
      year           = "2014",
      pages          = "371-397",
      doi            = "10.1016/j.physletb.2014.07.053",
      eprint         = "1405.3886",
      archivePrefix  = "arXiv",
      primaryClass   = "hep-ex",
      reportNumber   = "CMS-SUS-13-024, CERN-PH-EP-2014-073",
      SLACcitation   = "%%CITATION = ARXIV:1405.3886;%%"
}
@article{Aad:2014mha,
      author         = "Aad, Georges and others",
      title          = "{Search for direct top squark pair production in events
                        with a Z boson, b-jets and missing transverse momentum in
                        sqrt(s)=8 TeV pp collisions with the ATLAS detector}",
      collaboration  = "ATLAS",
      journal        = "Eur. Phys. J.",
      volume         = "C74",
      year           = "2014",
      number         = "6",
      pages          = "2883",
      doi            = "10.1140/epjc/s10052-014-2883-6",
      eprint         = "1403.5222",
      archivePrefix  = "arXiv",
      primaryClass   = "hep-ex",
      reportNumber   = "CERN-PH-EP-2014-035",
      SLACcitation   = "%%CITATION = ARXIV:1403.5222;%%"
}
@article{ATLAS:2012tna,
      title          = "{Search for supersymmetry at $\sqrt{s} = 8$ TeV in final
                        states with jets, missing transverse momentum and one
                        isolated lepton}",
      collaboration  = "ATLAS",
      year           = "2012",
      journal        = ", ATLAS-CONF-2012-104",
      reportNumber   = "ATLAS-CONF-2012-104",
      SLACcitation   = "%%CITATION = ATLAS-CONF-2012-104;%%"
}
@article{Aad:2014qaa,
      author         = "Aad, Georges and others",
      title          = "{Search for direct top-squark pair production in final
                        states with two leptons in pp collisions at $\sqrt{s} =$
                        8TeV with the ATLAS detector}",
      collaboration  = "ATLAS",
      journal        = "JHEP",
      volume         = "06",
      year           = "2014",
      pages          = "124",
      doi            = "10.1007/JHEP06(2014)124",
      eprint         = "1403.4853",
      archivePrefix  = "arXiv",
      primaryClass   = "hep-ex",
      reportNumber   = "CERN-PH-EP-2014-014",
      SLACcitation   = "%%CITATION = ARXIV:1403.4853;%%"
}
@article{Khachatryan:2014rra,
      author         = "Khachatryan, Vardan and others",
      title          = "{Search for dark matter, extra dimensions, and
                        unparticles in monojet events in protonâ€“proton
                        collisions at $\sqrt{s} = 8$ TeV}",
      collaboration  = "CMS",
      journal        = "Eur. Phys. J.",
      volume         = "C75",
      year           = "2015",
      number         = "5",
      pages          = "235",
      doi            = "10.1140/epjc/s10052-015-3451-4",
      eprint         = "1408.3583",
      archivePrefix  = "arXiv",
      primaryClass   = "hep-ex",
      reportNumber   = "CMS-EXO-12-048, CERN-PH-EP-2014-164",
      SLACcitation   = "%%CITATION = ARXIV:1408.3583;%%"
}
% Freeze-in
@article{McDonald:2001vt,
      author         = "McDonald, John",
      title          = "{Thermally generated gauge singlet scalars as
                        selfinteracting dark matter}",
      journal        = "Phys. Rev. Lett.",
      volume         = "88",
      year           = "2002",
      pages          = "091304",
      doi            = "10.1103/PhysRevLett.88.091304",
      eprint         = "hep-ph/0106249",
      archivePrefix  = "arXiv",
      primaryClass   = "hep-ph",
      SLACcitation   = "%%CITATION = HEP-PH/0106249;%%"
}
@article{Hall:2009bx,
      author         = "Hall, Lawrence J. and Jedamzik, Karsten and
                        March-Russell, John and West, Stephen M.",
      title          = "{Freeze-In Production of FIMP Dark Matter}",
      journal        = "JHEP",
      volume         = "03",
      year           = "2010",
      pages          = "080",
      doi            = "10.1007/JHEP03(2010)080",
      eprint         = "0911.1120",
      archivePrefix  = "arXiv",
      primaryClass   = "hep-ph",
      reportNumber   = "OUTP-09-18-P, UCB-PTH-09-32",
      SLACcitation   = "%%CITATION = ARXIV:0911.1120;%%"
}
% FIMPs @ LHC
@article{Co:2015pka,
      author         = "Co, Raymond T. and D'Eramo, Francesco and Hall, Lawrence
                        J. and Pappadopulo, Duccio",
      title          = "{Freeze-In Dark Matter with Displaced Signatures at
                        Colliders}",
      journal        = "JCAP",
      volume         = "1512",
      year           = "2015",
      number         = "12",
      pages          = "024",
      doi            = "10.1088/1475-7516/2015/12/024",
      eprint         = "1506.07532",
      archivePrefix  = "arXiv",
      primaryClass   = "hep-ph",
      SLACcitation   = "%%CITATION = ARXIV:1506.07532;%%"
}
@article{Hessler:2016kwm,
      author         = "Hessler, Andre G. and Ibarra, Alejandro and Molinaro,
                        Emiliano and Vogl, Stefan",
      title          = "{Probing the scotogenic FIMP at the LHC}",
      journal        = "JHEP",
      volume         = "01",
      year           = "2017",
      pages          = "100",
      doi            = "10.1007/JHEP01(2017)100",
      eprint         = "1611.09540",
      archivePrefix  = "arXiv",
      primaryClass   = "hep-ph",
      SLACcitation   = "%%CITATION = ARXIV:1611.09540;%%"
}
@article{Ghosh:2017vhe,
      author         = "Ghosh, Avirup and Mondal, Tanmoy and Mukhopadhyaya,
                        Biswarup",
      title          = "{Heavy stable charged tracks as signatures of non-thermal
                        dark matter at the LHC : a study in some
                        non-supersymmetric scenarios}",
      journal        = "JHEP",
      volume         = "12",
      year           = "2017",
      pages          = "136",
      doi            = "10.1007/JHEP12(2017)136",
      eprint         = "1706.06815",
      archivePrefix  = "arXiv",
      primaryClass   = "hep-ph",
      SLACcitation   = "%%CITATION = ARXIV:1706.06815;%%"
}


@article{Chatrchyan:2012sp,
      author         = "Chatrchyan, Serguei and others",
      title          = "{Search for heavy long-lived charged particles in $pp$
                        collisions at $\sqrt{s}=7$ TeV}",
      collaboration  = "CMS",
      journal        = "Phys. Lett.",
      volume         = "B713",
      year           = "2012",
      pages          = "408-433",
      doi            = "10.1016/j.physletb.2012.06.023",
      eprint         = "1205.0272",
      archivePrefix  = "arXiv",
      primaryClass   = "hep-ex",
      reportNumber   = "CMS-EXO-11-022, CERN-PH-EP-2012-093",
      SLACcitation   = "%%CITATION = ARXIV:1205.0272;%%"
}
@article{Aad:2012pra,
      author         = "Aad, Georges and others",
      title          = "{Searches for heavy long-lived sleptons and R-Hadrons
                        with the ATLAS detector in $pp$ collisions at $\sqrt{s}=7$
                        TeV}",
      collaboration  = "ATLAS",
      journal        = "Phys. Lett.",
      volume         = "B720",
      year           = "2013",
      pages          = "277-308",
      doi            = "10.1016/j.physletb.2013.02.015",
      eprint         = "1211.1597",
      archivePrefix  = "arXiv",
      primaryClass   = "hep-ex",
      reportNumber   = "CERN-PH-EP-2012-236",
      SLACcitation   = "%%CITATION = ARXIV:1211.1597;%%"
}
@article{Chatrchyan:2013oca,
      author         = "Chatrchyan, Serguei and others",
      title          = "{Searches for long-lived charged particles in pp
                        collisions at $\sqrt{s}$=7 and 8 TeV}",
      collaboration  = "CMS",
      journal        = "JHEP",
      volume         = "07",
      year           = "2013",
      pages          = "122",
      doi            = "10.1007/JHEP07(2013)122",
      eprint         = "1305.0491",
      archivePrefix  = "arXiv",
      primaryClass   = "hep-ex",
      reportNumber   = "CMS-EXO-12-026, CERN-PH-EP-2013-073",
      SLACcitation   = "%%CITATION = ARXIV:1305.0491;%%"
}
@article{ATLAS:2014fka,
      author         = "Aad, Georges and others",
      title          = "{Searches for heavy long-lived charged particles with the
                        ATLAS detector in proton-proton collisions at $ \sqrt{s}=8
                        $ TeV}",
      collaboration  = "ATLAS",
      journal        = "JHEP",
      volume         = "01",
      year           = "2015",
      pages          = "068",
      doi            = "10.1007/JHEP01(2015)068",
      eprint         = "1411.6795",
      archivePrefix  = "arXiv",
      primaryClass   = "hep-ex",
      reportNumber   = "CERN-PH-EP-2014-252",
      SLACcitation   = "%%CITATION = ARXIV:1411.6795;%%"
}
@article{Aaboud:2016dgf,
      author         = "Aaboud, Morad and others",
      title          = "{Search for metastable heavy charged particles with large
                        ionization energy loss in pp collisions at $\sqrt{s} = 13$
                        TeV using the ATLAS experiment}",
      collaboration  = "ATLAS",
      journal        = "Phys. Rev.",
      volume         = "D93",
      year           = "2016",
      number         = "11",
      pages          = "112015",
      doi            = "10.1103/PhysRevD.93.112015",
      eprint         = "1604.04520",
      archivePrefix  = "arXiv",
      primaryClass   = "hep-ex",
      reportNumber   = "CERN-EP-2016-063",
      SLACcitation   = "%%CITATION = ARXIV:1604.04520;%%"
}

@article{CMS-PAS-EXO-16-036,
      author         = "Khachatryan, Vardan and others",
      title         = "{Search for heavy stable charged particles with
                       $12.9~\mathrm{fb}^{-1}$ of 2016 data}",
      collaboration = "CMS",
      year          = "2016",
      journal        = ", CMS-PAS-EXO-16-036",
      reportNumber  = "CMS-PAS-EXO-16-036",
      url           = "http://cds.cern.ch/record/2205281",
}

@article{Khachatryan:2015lla,
      author         = "Khachatryan, Vardan and others",
      title          = "{Constraints on the pMSSM, AMSB model and on other models
                        from the search for long-lived charged particles in
                        proton-proton collisions at sqrt(s) = 8 TeV}",
      collaboration  = "CMS",
      journal        = "Eur. Phys. J.",
      volume         = "C75",
      year           = "2015",
      number         = "7",
      pages          = "325",
      doi            = "10.1140/epjc/s10052-015-3533-3",
      eprint         = "1502.02522",
      archivePrefix  = "arXiv",
      primaryClass   = "hep-ex",
      reportNumber   = "CMS-EXO-13-006, CERN-PH-EP-2015-014",
      SLACcitation   = "%%CITATION = ARXIV:1502.02522;%%"
}
@article{Heisig:2015yla,
      author         = "Heisig, Jan and Lessa, Andre and Quertenmont, Loic",
      title          = "{Simplified Models for Exotic BSM Searches}",
      journal        = "JHEP",
      volume         = "12",
      year           = "2015",
      pages          = "087",
      doi            = "10.1007/JHEP12(2015)087",
      eprint         = "1509.00473",
      archivePrefix  = "arXiv",
      primaryClass   = "hep-ph",
      reportNumber   = "TTK-15-20, CP3-15-28",
      SLACcitation   = "%%CITATION = ARXIV:1509.00473;%%"
}
@article{Fuks:2013lya,
      author         = "Fuks, Benjamin and Klasen, Michael and Lamprea, David R.
                        and Rothering, Marcel",
      title          = "{Revisiting slepton pair production at the Large Hadron
                        Collider}",
      journal        = "JHEP",
      volume         = "01",
      year           = "2014",
      pages          = "168",
      doi            = "10.1007/JHEP01(2014)168",
      eprint         = "1310.2621",
      archivePrefix  = "arXiv",
      reportNumber   = "MS-TP-13-35, CERN-PH-TH-2013-240",
      SLACcitation   = "%%CITATION = ARXIV:1310.2621;%%"
}
@article{Alwall:2014hca,
      author         = "Alwall, J. and Frederix, R. and Frixione, S. and Hirschi,
                        V. and Maltoni, F. and Mattelaer, O. and Shao, H. -S. and
                        Stelzer, T. and Torrielli, P. and Zaro, M.",
      title          = "{The automated computation of tree-level and
                        next-to-leading order differential cross sections, and
                        their matching to parton shower simulations}",
      journal        = "JHEP",
      volume         = "07",
      year           = "2014",
      pages          = "079",
      doi            = "10.1007/JHEP07(2014)079",
      eprint         = "1405.0301",
      archivePrefix  = "arXiv",
      primaryClass   = "hep-ph",
      reportNumber   = "CERN-PH-TH-2014-064, CP3-14-18, LPN14-066, MCNET-14-09,
                        ZU-TH-14-14",
      SLACcitation   = "%%CITATION = ARXIV:1405.0301;%%"
}


@article{CMS:2016isf,
      title          = "{Search for displaced leptons in the e-mu channel}",
      collaboration  = "CMS",
      year           = "2016",
      journal        = "CMS-PAS-EXO-16-022",
      reportNumber   = "CMS-PAS-EXO-16-022",
      SLACcitation   = "%%CITATION = CMS-PAS-EXO-16-022;%%"
}

@article{CMS:emu8TeV,
      author         = "Khachatryan, Vardan and others",
      title          = "{Search for Displaced Supersymmetry in events with an
                        electron and a muon with large impact parameters}",
      collaboration  = "CMS",
      journal        = "Phys. Rev. Lett.",
      volume         = "114",
      year           = "2015",
      number         = "6",
      pages          = "061801",
      doi            = "10.1103/PhysRevLett.114.061801",
      eprint         = "1409.4789",
      archivePrefix  = "arXiv",
      primaryClass   = "hep-ex",
      reportNumber   = "CMS-B2G-12-024, CERN-PH-EP-2014-219",
      SLACcitation   = "%%CITATION = ARXIV:1409.4789;%%"
}


@article{Sjostrand:2014zea,
      author         = "SjÃ¶strand, TorbjÃ¶rn and Ask, Stefan and Christiansen,
                        Jesper R. and Corke, Richard and Desai, Nishita and Ilten,
                        Philip and Mrenna, Stephen and Prestel, Stefan and
                        Rasmussen, Christine O. and Skands, Peter Z.",
      title          = "{An Introduction to PYTHIA 8.2}",
      journal        = "Comput. Phys. Commun.",
      volume         = "191",
      year           = "2015",
      pages          = "159-177",
      doi            = "10.1016/j.cpc.2015.01.024",
      eprint         = "1410.3012",
      archivePrefix  = "arXiv",
      primaryClass   = "hep-ph",
      reportNumber   = "LU-TP-14-36, MCNET-14-22, CERN-PH-TH-2014-190,
                        FERMILAB-PUB-14-316-CD, DESY-14-178, SLAC-PUB-16122",
      SLACcitation   = "%%CITATION = ARXIV:1410.3012;%%"
}

@article{Belanger:2018ccd,
      author         = "Belanger, GeneviÃ¨ve and Boudjema, Fawzi and Goudelis,
                        Andreas and Pukhov, Alexander and Zaldivar, Bryan",
      title          = "{micrOMEGAs5.0 : freeze-in}",
      year           = "2018",
      eprint         = "1801.03509",
      archivePrefix  = "arXiv",
      primaryClass   = "hep-ph",
      SLACcitation   = "%%CITATION = ARXIV:1801.03509;%%"
}
@article{Beenakker:1999xh,
      author         = "Beenakker, W. and Klasen, M. and Kramer, M. and Plehn, T.
                        and Spira, M. and Zerwas, P. M.",
      title          = "{The Production of charginos / neutralinos and sleptons
                        at hadron colliders}",
      journal        = "Phys. Rev. Lett.",
      volume         = "83",
      year           = "1999",
      pages          = "3780-3783",
      doi            = "10.1103/PhysRevLett.100.029901,
                        10.1103/PhysRevLett.83.3780",
      note           = "[Erratum: Phys. Rev. Lett.100,029901(2008)]",
      eprint         = "hep-ph/9906298",
      archivePrefix  = "arXiv",
      primaryClass   = "hep-ph",
      reportNumber   = "CERN-TH-99-159, DESY-99-055, DTP-99-44, MADPH-99-1114,
                        ANL-HEP-PR-99-71",
      SLACcitation   = "%%CITATION = HEP-PH/9906298;%%"
}
@article{Blennow:2013jba,
      author         = "Blennow, Mattias and Fernandez-Martinez, Enrique and
                        Zaldivar, Bryan",
      title          = "{Freeze-in through portals}",
      journal        = "JCAP",
      volume         = "1401",
      year           = "2014",
      pages          = "003",
      doi            = "10.1088/1475-7516/2014/01/003",
      eprint         = "1309.7348",
      archivePrefix  = "arXiv",
      primaryClass   = "hep-ph",
      SLACcitation   = "%%CITATION = ARXIV:1309.7348;%%"
}


@article{Khachatryan:2016sfv,
      author         = "Khachatryan, Vardan and others",
      title          = "{Search for long-lived charged particles in
proton-proton
                        collisions at $\sqrt s=$ 13â€‰â€‰TeV}",
      collaboration  = "CMS",
      journal        = "Phys. Rev.",
      volume         = "D94",
      year           = "2016",
      number         = "11",
      pages          = "112004",
      doi            = "10.1103/PhysRevD.94.112004",
      eprint         = "1609.08382",
      archivePrefix  = "arXiv",
      primaryClass   = "hep-ex",
      reportNumber   = "CMS-EXO-15-010, CERN-EP-2016-204",
      SLACcitation   = "%%CITATION = ARXIV:1609.08382;%%"
}
@article{Khachatryan:2016sfv,
      author         = "Khachatryan, Vardan and others",
      title          = "{Search for long-lived charged particles in
proton-proton
                        collisions at $\sqrt s=$ 13â€‰â€‰TeV}",
      collaboration  = "CMS",
      journal        = "Phys. Rev.",
      volume         = "D94",
      year           = "2016",
      number         = "11",
      pages          = "112004",
      doi            = "10.1103/PhysRevD.94.112004",
      eprint         = "1609.08382",
      archivePrefix  = "arXiv",
      primaryClass   = "hep-ex",
      reportNumber   = "CMS-EXO-15-010, CERN-EP-2016-204",
      SLACcitation   = "%%CITATION = ARXIV:1609.08382;%%"
}
